@Comment А вот так оформляется библиография при помощи BibTeX.

@article{Amarabac_Marwa,
author = {Marzouk, M.},
title = {Modified background subtraction algorithm for motion detection in surveillance systems},
journal = {AMARABAC Journal of American Arabic Academy for Sciences and Technology},
year = {2010},
volume = {1},
pages = {12 pages},
keywords = {Motion detection, Background subtraction, frame differencing},
url = {http://amarabac.com} 
}

@article{N_Otsu,
author = {Otsu, N.},
title = {A threshold selection method from gray-level histograms},
journal = {IEEE Trans.Systems,Man,and Cybernetics},
year = {1979},
pages = {62-66}
}

@article{T_Pun,
author = {Pun, T.},
title = {A new method for gray-level picture thresholding using the entropy of the histogram},
journal = {Signal Processing},
year = {1980},
pages = {223-237}
}

@conference{D_Haritaoglu,
author = {Haritaoglu, D. and Harwood, L. and Davis, I.},
title = {W4: Who? when? where? what? a real time system for detecting and tracking people},
booktitle = {International Conference on Face and Gesture Recognition},
year = {1998}
}

@conference{A_Francois,
author = {Francois, A. R. and Medioni, G. G.},
title = {Adaptive color background modeling for real-time segmentation of video streams},
booktitle = {Proceedings of the International Conference on Imaging Science, Systems, and Technology},
year = {1999},
pages = {227–232}
}

@article{McKenna,
author = {McKenna, S. and Jarbi, S. and Rosenfeld, A.},
title = {Tracking groups of people},
journal = {CVIU},
year = {October 2000},
pages = {42–56}
}

@conference{S_Jabri,
author = {Jabri, S. and Duric, Z. and Rosenfeld, A.},
title = {Detection and location of people in video images using adaptive
fusion of color and edge information},
booktitle = {15th International Conference on Pattern Recognition},
year = {September 2000},
pages = {627–630},
address = {Barcelona, Spain}
}

@conference{Azab_main,
author = {Azab, M. M. and Shedeed, H. A. and Hussein, A. S.},
title = {A new technique for background modeling and subtraction for motion detection in real-time videos},
booktitle = {Image Processing (ICIP), 2010 17th IEEE International Conference},
year = {September 2010},
pages = {3453 - 3456},
address = {Hong Kong, China}
}

@article{M_Heikkila,
author = 	{Heikkilä, M. and Pietikäinen, M.},
title = 	{A texture-based method for modeling the background and detecting moving objects.},
year = 	{2006},
volume = 	{28},
pages = 	{657--662},
number = 	{4},
journal = 	{IEEE Transactions on Pattern Analysis and Machine Intelligence}
}

@article{M_Karaman,
author = {Karaman, M. and Goldman, L. and Yu D. },
title = {Comparison of Static Background Segmentation Methods},
journal = {Proc. SPIE},
volume = {5960},
year = {2005},
pages = {2140-2151}
}

@article{H_Zhang,
author = {Zhang, H. and Xu, D. },
title = {Fusing color and texture features for background model},
journal = {Third Int 1 Conference on Fuzzy Systems and Knowledge Discovery},
volume = {4223},
year = {2006},
pages = {887-893}
}

@article{F_el_Baf,
author = {El Baf, F. and Bouwmans, T. and Vachon B. },
title = {Foreground Detection Using Choquet Integral},
journal = {IEEE Ninth Int 1 WIAMIS},
year = {2008},
pages = {187-190}
}

@article{LBS_1,
author = {Маслий, Р. В.},
title = {Использование Локальных Бинарных Шаблонов для распознавания лиц на полутоновых изображениях},
journal = {Информационные технологии и компьютерная техника},
volume = {4},
year = {2008},
pages = {6},
language = "russian"
}

@phdthesis{LBS_2,
author = {Mäenpää, T.},
title = {The Local Binary Pattern Approach To Texture Analysis – Extensions And Applications},
SCHOOL = {Infotech Oulu and Department of Electrical and Information Engineering, University of Oulu},
YEAR = {2003}
}

@article{ Shinkarenko,
author = {Шинкаренко, В. И.},
title = {Сравнительный анализ временной эффективности функционально эквивалентных алгоритмов},
journal = {Пробл. программирования},
volume = {3-4},
year = {2001},
pages = {31-39},
language = "russian"
}

@book{ Predtechenskiy,
author = {Предтеченский, В. М. and Милинский, А. И.},
title = {Проектирование зданий с учетом организации движения людских потоков},
edition = {2 доп. и перераб.},
publisher = {М.:Стройиздат},
year = {1979},
pages = {375},
language = "russian"
}

@BOOK{SanPin_gigiena_truda,
title = "СанПиН 2.2.2/2.4.1340-03. Гигиенические требования к видеодисплейным терминалам, персональным электронно-вычислительным машинам и организации работы",
year = 2003,
numpages = 63,
language = "russian"
}

@BOOK{SN_shum,
title = "СН 2.2.4/2.1.8.562-96. Шум на рабочих местах, в помещениях жилых, общественных зданий и на территории жилой застройки",
year = 1996,
numpages = 44,
language = "russian"
}

@BOOK{GOST_shum,
title = "ГОСТ 12.1.003-83. Шум. Общие требования безопасности",
year = 1983,
numpages = 10,
language = "russian"
}

@BOOK{GOST_work_seat,
title = "ГОСТ 12.2.032-78. Система стандартов безопасности труда. Рабочее место при выполнении работ сидя. Общие эргономические требования",
year = 1986,
numpages = 11,
language = "russian"
}

@BOOK{GOST_chair,
title = "ГОСТ 21889-76. Система <<Человек-машина>>. Кресло человека-оператора. Общие эргономические требования",
year = 1976,
numpages = 17,
language = "russian"
}

@BOOK{SNIP_light,
title = "СНиП 23-05-95. Естественное и искусственное освещение",
year = 1996,
numpages = 40,
language = "russian"
}

@BOOK{SANPIN_ionization,
title = {СанПиН 2.2.4.1294-03. Гигиенические требования к аэроионному составу воздуха производственных и общественных помещений},
year = 2003,
numpages = 5,
language = "russian"
}

@BOOK{SANPIN_chemical,
title = {СанПиН 2.1.6.983-00. Гигиенические требования к обеспечению качества атмосферного воздуха населенных мест},
year = 2000,
numpages = 19,
language = "russian"
}

@BOOK{NPB_fire,
title = {НПБ 105-03. Определение категорий помещений, зданий и наружных установок по взрывопожарной и пожарной опасности},
year = 2003,
numpages = 28,
language = "russian"
}

@BOOK{Kirikova,
author = {Строкин, А. А. and Кирикова, О. В.},
title = {Эргономические основы охраны труда операторов и экологической безопасности систем <<Человек---Машина---Среда обитания>>},
address = {М.},
publisher = {Изд-во МГТУ им. Н. Э. Баумана},
year = 1992,
numpages = 87,
language = "russian"
}

@BOOK{Shahnov,
title = {Конструкторско-технологическое проектирование электронной аппаратуры},
author = {Билибин, К. И. and Власов, А. И.},
editor = {Шахнова, В. А.},
address = {М.},
publisher = {Изд-во МГТУ им. Н. Э. Баумана},
year = 2002,
numpages = 528,
language = "russian"
}

@BOOK{metodaEconomy,
title = "Выполнение организационно-экономической части дипломного проекта по разработке и использованию программного продукта",
author = {Сажин, Ю. Б. and Самохин, С. В.},
address = "М.",
publisher = "Изд-во МГТУ им. Н. Э. Баумана",
year = 2006,
numpages = 61,
language = "russian"
}

@book{VOCORD,
title = {Сайт ЗАО Вокорд Телеком [Электронный ресурс]},
publisher = {URL:~http://www.vocord.ru/339.html},
month = {(дата обращения: 16.06.2011)},
language = "russian"
}

@book{EWCLID,
title = {Сайт ТПГ КОМКОМ [Электронный ресурс]},
publisher = {URL:~http://www.ewclid.ru/},
month = {(дата обращения: 16.06.2011)},
language = "russian"
}

@book{TRASSIR,
title = {Сайт Digital Security Systems Labs [Электронный ресурс]},
publisher = {URL:~http://www.dssl.ru/},
month = {(дата обращения: 16.06.2011)},
language = "russian"
}

@book{WIKIPEDIA,
title = {Свободная энциклопедия Википедия [Электронный ресурс]},
publisher = {URL:~http://ru.wikipedia.org/},
month = {(дата обращения: 16.06.2011)},
language = "russian"
}

@book{WIKIPEDIA_SUGENO,
title = {Интеграл Суджено [Электронный ресурс]},
publisher = {URL:~http://ru.wikipedia.org/Теория_нечеткой_меры},
month = {(дата обращения: 16.06.2011)},
language = "russian"
}

@book{WIKIPEDIA_CHOQUET,
title = {Интеграл Шоке [Электронный ресурс]},
publisher = {URL:~http://ru.wikipedia.org/Choquet_integral},
month = {(дата обращения: 16.06.2011)},
language = "russian"
}

@book{IPVideoMarket,
author = "Хонович Дж.",
title = {IPVideoMarket.Info [Электронный ресурс]},
publisher = {URL:~http://ipvideomarket.info/},
month = {(дата обращения: 16.06.2011)},
language = "russian"
}

@book{OPENCV,
title = {Сайт библиотеки компьютерного зрения с открытым исходным кодом OpenCV [Электронный ресурс]},
publisher = {URL:~http://opencv.willowgarage.com/wiki/},
month = {(дата обращения: 16.06.2011)},
language = "russian"
}

@book{DIRECTSHOW,
title = {Сайт мультимедийного фреймворка DirectShow [Электронный ресурс]},
publisher = {URL:~http://msdn.microsoft.com/en-us/library/dd375454.aspx},
month = {(дата обращения: 16.06.2011)},
language = "russian"
}

@book{FFMPEG,
title = {Сайт библиотеки для записи аудио и видео информации [Электронный ресурс]},
publisher = {URL:~http://ffmpeg.org/},
month = {(дата обращения: 16.06.2011)},
language = "russian"
}

@book{CANDELA,
title = {Content Analysis and Network DELivery Architectures [Электронный ресурс]},
publisher = {URL:~http://www.hitech-projects.com/.../candela/},
month = {(дата обращения: 16.06.2011)},
language = "russian"
}

@book{PETS,
title = {Наборы данных для исследования видеопотоков на наличие движения [Электронный ресурс]},
publisher = {URL:~http://www.cvg.reading.ac.uk/},
month = {(дата обращения: 16.06.2011)},
language = "russian"
}

@book{Wallflower,
title = {Наборы данных для тестирования алгоритмов обнаружения движения [Электронный ресурс]},
publisher = {URL:~http://research.microsoft.com/.../wallflower/testimages.htm},
month = {(дата обращения: 16.06.2011)},
language = "russian"
}